<record><leader>00000cas a22000007a 4500</leader><controlfield tag="001">14914497</controlfield><controlfield tag="008">861202d1873187umouwr ne      0    0eng d</controlfield><datafield ind1=" " ind2=" " tag="010"><subfield code="a">sn 86053960 </subfield></datafield><datafield ind1=" " ind2=" " tag="040"><subfield code="a">NPX</subfield><subfield code="b">eng</subfield><subfield code="c">NPX</subfield><subfield code="d">OCLCQ</subfield></datafield><datafield ind1=" " ind2=" " tag="042"><subfield code="a">msc</subfield></datafield><datafield ind1="0" ind2=" " tag="130"><subfield code="a">Western press (Cape Girardeau, Mo.)</subfield></datafield><datafield ind1="1" ind2="4" tag="245"><subfield code="a">The western press.</subfield></datafield><datafield ind1=" " ind2=" " tag="260"><subfield code="a">Cape Girardeau, Mo. :</subfield><subfield code="b">Chas. Weidt</subfield></datafield><datafield ind1=" " ind2=" " tag="300"><subfield code="a">v. ;</subfield><subfield code="c">50 cm.</subfield></datafield><datafield ind1=" " ind2=" " tag="310"><subfield code="a">Weekly</subfield></datafield><datafield ind1="1" ind2=" " tag="362"><subfield code="a">Began in 1873.</subfield><subfield code="z">Cf. Taft, W.H. Mo. newspapers.</subfield></datafield><datafield ind1=" " ind2=" " tag="580"><subfield code="a">German ed.: Westliche Presse (Cape Girardeau, Mo.).</subfield></datafield><datafield ind1=" " ind2=" " tag="588"><subfield code="a">Description based on: Vol. 2, no. 1 (Aug. 18, 1874).</subfield></datafield><datafield ind1=" " ind2=" " tag="752"><subfield code="a">United States</subfield><subfield code="b">Missouri</subfield><subfield code="c">Cape Girardeau</subfield><subfield code="d">Cape Girardeau.</subfield></datafield><datafield ind1="1" ind2=" " tag="775"><subfield code="t">Westliche Presse (Cape Girardeau, Mo.)</subfield><subfield code="w">(DLC)sn 85033879</subfield></datafield><datafield ind1="0" ind2="0" tag="785"><subfield code="t">Weekly western press</subfield><subfield code="w">(DLC)sn 86053961</subfield></datafield></record>